@article{einstein,
    author =       "Albert Einstein",
    title =        "{Zur Elektrodynamik bewegter K{\"o}rper}. ({German})
    [{On} the electrodynamics of moving bodies]",
    journal =      "Annalen der Physik",
    volume =       "322",
    number =       "10",
    pages =        "891--921",
    year =         "1905",
    DOI =          "http://dx.doi.org/10.1002/andp.19053221004",
    keywords =     "physics"
}
 
@book{dirac,
    title={The Principles of Quantum Mechanics},
    author={Paul Adrien Maurice Dirac},
    isbn={9780198520115},
    series={International series of monographs on physics},
    year={1981},
    publisher={Clarendon Press},
    keywords = {physics}
}
 
@online{knuthwebsite,
    author    = "Donald Knuth",
    title     = "Knuth: Computers and Typesetting",
    url       = "http://www-cs-faculty.stanford.edu/~uno/abcde.html",
    keywords  = "latex,knuth"
}
 
@inbook{knuth-fa,
    author = "Donald E. Knuth",
    title = "Fundamental Algorithms",
    publisher = "Addison-Wesley",
    year = "1973",
    chapter = "1.2",
    keywords  = "knuth,programming"
}

@online{lucene-fst-prune,
    author    = "Mike McCandless",
    title     = "FST Builder pruning",
    url       = "http://mail-archives.apache.org/mod_mbox/lucene-java-user/201311.mbox/%3CCAL8PwkZjZZ7Mi_XCS9XQKkjZp5tAbwLt81EkSb7X7UHm3j7GyQ@mail.gmail.com%3E",
    keywords  = "pruning"
}


@online{lucene-fst-prune-2,
    author    = "Mike McCandless",
    title     = "FST Builder pruning",
    url       = "http://osdir.com/ml/java-user.lucene.apache.org/2013-11/msg00114.html",
    keywords  = "pruning"
}

@incollection{daciuk2011smaller,
  title={Smaller representation of finite state automata},
  author={Daciuk, Jan and Weiss, Dawid},
  booktitle={Implementation and Application of Automata},
  pages={118--129},
  year={2011},
  publisher={Springer}
}